@article{Hilbert2011Worlds,
	journal={Science},
	doi={10/b89ttd},
	issn={0036-8075, 1095-9203},
	number=6025,
	language={en},
	note={Times cited: 1
},
	title={The World's Technological Capacity to Store, Communicate, and Compute Information},
	url={http://www.sciencemag.org/cgi/doi/10.1126/science.1200970},
	volume=332,
	author={Hilbert, M. and Lopez, P.},
	date={2011-04-01},
	year=2011,
	month=4,
	day=1,
}
@techreport{HilbertQuantifying,
	note={Times cited: 1
},
	title={Quantifying the Data Deluge and the Data Drought: Background note for the World Development Report 2016},
	author={Hilbert, Martin},
}
@techreport{GSMAIntelligence2017Mobile,
	series={GSMA Mobile Economy},
	note={Times cited: 1
},
	publisher={GSMA},
	title={The Mobile Economy: 2017},
	url={https://www.gsmaintelligence.com/research/?file=9e927fd6896724e7b26f33f61db5b9d5&download},
	author={GSMA Intelligence},
	date=2017,
	year=2017,
}
@article{2017Migrants,
	journal={The Economist},
	edition={Print Edition International},
	note={Times cited: 1
00000},
	title={Migrants with mobiles: Phones are now indispensable for refugees},
	date={2017-02-11},
	year=2017,
	month=2,
	day=11,
}
@techreport{Kuner2017Handbook,
	note={Times cited: 2
},
	publisher={International Committee of the Red Cross},
	address={Geneva},
	title={Handbook on Data Protection in Humanitarian Action},
	url={https://www.icrc.org/en/publication/handbook-data-protection-humanitarian-action},
	author={Kuner, Christopher and Papakonstantinou, Vagelis and Jasmontaite, Lina and Weatherburn, Amy and Marelli, Massimo and Apraxine, Pierre and Bircher, Romain and Lennman, Catherine and Bosch, Alba and Brass, Caroline Dulin and Kokkinaki, Christina Vasala and Haskell, Leslie and Marelli, Massimo and Kuner, Christopher},
	pages=159,
	date=2017,
	year=2017,
}
@techreport{Vinck2018Engaging,
	language={en},
	note={Times cited: 8
},
	publisher={International Committee of the Red Cross, Harvard Humanitarian Initiative},
	address={Geneva},
	title={Engaging with people affected by armed conflicts and other situations of violence: recommendations for humanitarian origanizations and donors in the digital era},
	url={https://www.icrc.org/en/download/file/69676/engaging-with-people-in-armed-conflict-recommendationt.pdf},
	author={Vinck, Patrick and Bennett, Anne and Quintanilla, Jacobo},
	pages=94,
	date=2018,
	year=2018,
}
@techreport{ELRHA2017Global,
	series={Global Prioritisation Exercise for Research and Innovation in the Humanitarian System},
	note={Times cited: 1
},
	publisher={ELRHA},
	address={Cardiff},
	title={Global Prioritisation Exercise for Research and Innovation in the Humanitarian System: Phase One Mapping},
	url={http://www.elrha.org/wp-content/uploads/2017/03/Elrha-GPE-Phase-1-Final-Report_Nov-2017.pdf},
	author={ELRHA},
	date=2017,
	year=2017,
}
@article{Sandvik2017Do,
	journal={International Review of the Red Cross},
	doi={10/gddxwv},
	issn={1816-3831, 1607-5889},
	language={en},
	note={Times cited: 1
00004},
	title={Do no harm: A taxonomy of the challenges of humanitarian experimentation},
	author={Sandvik, Kristin Bergtora and Jacobsen, Katja Lindskov and McDonald, Sean Martin},
	pages={1--26},
	date={2017-10},
	year=2017,
	month=10,
}
@book{Keen2008Complex,
	isbn={978-0-7456-4020-4},
	language={eng},
	note={Times cited: 1
00000 
OCLC: 255957751},
	numpages=293,
	publisher={Polity},
	address={Cambridge},
	title={Complex emergencies},
	author={Keen, David},
	date=2008,
	year=2008,
}
@techreport{InternationalRescueCommittee2017Using,
	note={Times cited: 1
00000},
	title={Using ICT to Facilitate Access to Information and Accountability to Affected Populations in Urban Areas},
	author={International Rescue Committee},
	date=2017,
	year=2017,
}
@techreport{Hannides2016Voices,
	note={Times cited: 5
},
	title={Voices of Refugees: Information and Communication Needs of Refugees in Greece and Germany},
	url={http://www.bbc.co.uk/mediaaction/publications-and-resources/research/reports/voices-of-refugees},
	author={Hannides, Theodora and Bailey, Nicola and Kaoukji, Dwan},
	date={2016-07},
	year=2016,
	month=7,
}
@article{Wall2017Syrian,
	journal={New Media & Society},
	doi={10/gc92db},
	issn={1461-4448},
	number=2,
	note={Times cited: 4
},
	title={Syrian refugees and information precarity},
	url={http://journals.sagepub.com/doi/10.1177/1461444815591967},
	volume=19,
	author={Wall, Melissa and Otis Campbell, Madeline and Janbek, Dana and Campbell, Madeline Otis and Janbek, Dana},
	date=2017,
	year=2017,
}
@techreport{Foran2017Lost,
	note={Times cited: 3
00000},
	publisher={Internews},
	title={Lost in Translation: The Misinformed Journey of Migrants Across Italy},
	url={http://internews.org/sites/default/files/Internews_Lost_In_Translation_Publication_2017-05-23.pdf},
	author={Foran, Rose and Iacucci, Anahi Ayala},
	date={2017-05},
	year=2017,
	month=5,
}
@misc{2014Isolated,
	journal={Internews},
	note={Times cited: 1
},
	title={Isolated and misinformed, Syrian refugees struggle},
	url={https://www.internews.org/isolated-and-misinformed-syrian-refugees-struggle},
	date={2014-01-14},
	year=2014,
	month=1,
	day=14,
}
@techreport{Internews2011Dadaab,
	note={Times cited: 4
},
	title={Dadaab, Kenya: Humanitarian Communications and Information Needs Assessment Among Refugees in the Camps},
	author={Internews},
	date={2011-08},
	year=2011,
	month=8,
}
@techreport{Quintanilla2012Humanitarian,
	note={Times cited: 2
},
	publisher={Internews},
	title={Humanitarian Information Needs Assessment: Zaatari Refugee},
	author={Quintanilla, Jacobo},
	date={2012-09},
	year=2012,
	month=9,
}
@article{Brunwasser201521st-Century,
	journal={New York Times},
	note={Times cited: 1
00000},
	address={New York},
	title={A 21st-Century Migrant's Essentials: Food, Shelter, Smartphone},
	url={http://www.nytimes.com/2015/08/26/world/europe/a-21st-century-migrants-checklist-water-shelter-smartphone.html?_r=0},
	author={Brunwasser, Matthew},
	date={2015-08},
	year=2015,
	month=8,
}
@techreport{Vernon2016Connecting,
	note={Times cited: 3
},
	publisher={UNHCR},
	address={Geneva},
	title={Connecting Refugees. How Internet and Mobile Connectivity can improve refugee well-being and transform humanitarian action},
	url={https://www.unhcr.org/5770d43c4.pdf},
	author={Vernon, Alan and Deriche, Kamel and Eisenhauer, Samantha},
	date=2016,
	year=2016,
}
@techreport{Betts2014Refugee,
	note={Times cited: 2
},
	publisher={Humanitarian Innovation Project, University of Oxford},
	address={Oxford},
	title={Refugee Economies: Rethinking Popular Assumptions},
	url={http://www.rsc.ox.ac.uk/files/publications/other/refugee-economies-2014.pdf},
	author={Betts, Alexander and Bloom, Louise and Kaplan, Josiah and Omata, Naohiko},
	date=2014,
	year=2014,
}
@inproceedings{Poole2017Technology,
	journal={IDRG Annual Report 2017},
	organization={International Data Responsibility Group Annual Conference},
	note={Times cited: 2
},
	address={Den Haag},
	title={Technology and Migration Survey},
	author={Poole, Danielle N.},
	date=2017,
	year=2017,
}
@inproceedings{Schmitt2016Community-Level,
	journal={Proceedings of the Eighth International Conference on Information and Communication Technologies and Development},
	organization={ICTD '16 Eighth International Conference on Information and Communication Technologies and Development Conference},
	doi={10.1145/2909609.2909668},
	isbn={978-1-4503-4306-0},
	language={en},
	note={Times cited: 2
00000},
	publisher={ACM Press},
	address={Ann Arbor, MI},
	title={Community-Level Access Divides: A Refugee Camp Case Study},
	url={http://dl.acm.org/citation.cfm?doid=2909609.2909668},
	author={Schmitt, Paul and Iland, Daniel and Belding, Elizabeth and Tomaszewski, Brian and Xu, Ying and Maitland, Carleen},
	date=2016,
	year=2016,
}
@article{Doerr2012Why,
	journal={Communications of the ACM},
	doi={10/gdqfhj},
	number=6,
	note={Times cited: 2
},
	title={Why Rumors Spread So Quickly in Social Networks},
	volume=55,
	author={Doerr, By Benjamin and Fouz, Mahmoud and Friedrich, Tobias},
	date={2012-06},
	year=2012,
	month=6,
}
@article{Haglich2010Detecting,
	journal={2010 IEEE Second International Conference on Social Computing},
	doi={10/fqjq4q},
	note={Times cited: 3
},
	title={Detecting Emergence in Social Networks},
	author={Haglich, Peter and Rouff, Christopher and Pullum, Laura},
	date=2010,
	year=2010,
}
@article{Granovetter1973Strength,
	journal={American Journal of Sociology},
	number=6,
	note={Times cited: 2
00000 
DOI: 10.1086/225469
PMID: 19848562},
	title={The Strength of Weak Ties},
	url={https://sociology.stanford.edu/sites/default/files/publications/the_strength_of_weak_ties_and_exch_w-gans.pdf},
	volume=78,
	author={Granovetter, Mark},
	date={1973-05},
	year=1973,
	month=5,
}
@article{Haythornthwaite2002Strong,
	journal={The Information Society},
	doi={10/bxmxht},
	issn={0197-2243},
	number=5,
	note={Times cited: 1
PMID: 8687985},
	title={Strong, Weak, and Latent Ties and the Impact of New Media},
	volume=18,
	author={Haythornthwaite, Caroline},
	pages={385–401},
	date=2002,
	year=2002,
}
@incollection{boyd2011Social,
	booktitle={Networked Self: Identity, Community, and Culture on Social Network Sites},
	isbn={978-0-415-80181-2},
	note={Times cited: 4
00000 
PMID: 20943929},
	publisher={Routledge},
	address={New York, NY},
	title={Social Network Sites as Networked Publics: Affordances, Dynamics, and Implications},
	url={http://www.danah.org/papers/2010/SNSasNetworkedPublics},
	author={boyd, danah},
	editor={Papacharissi, Zizi},
	date=2011,
	year=2011,
}
@article{Askonas2019How,
	journal={The New Atlantis},
	number={Winter},
	language={en},
	note={Times cited: 5
},
	title={How Tech Utopia Fostered Tyranny},
	author={Askonas, Jon},
	pages=11,
	date=2019,
	year=2019,
}
@techreport{Lewis2018Alternative,
	series={Data & Society’s Media Manipulation research initiative},
	language={en},
	note={Times cited: 1
},
	publisher={Data and Society},
	title={Alternative Influence: Broadcasting the Reactionary Right on YouTube},
	url={https://datasociety.net/wp-content/uploads/2018/09/DS_Alternative_Influence.pdf},
	author={Lewis, Rebecca},
	pages=61,
	date=2018,
	year=2018,
}
@article{Crawford2016Can,
	journal={Science, Technology, & Human Values},
	doi={10/gddv8j},
	issn={0162-2439, 1552-8251},
	number=1,
	language={en},
	note={Times cited: 1
},
	title={Can an Algorithm be Agonistic? Ten Scenes from Life in Calculated Publics},
	url={http://journals.sagepub.com/doi/10.1177/0162243915589635},
	volume=41,
	author={Crawford, Kate},
	date={2016-01},
	year=2016,
	month=1,
}
@article{Barnett2013Humanitarian,
	journal={Annual Review of Political Science},
	doi={10.1146/annurev-polisci-012512-083711},
	issn={1094-2939, 1545-1577},
	number=1,
	language={en},
	note={Times cited: 4
},
	title={Humanitarian Governance},
	volume=16,
	author={Barnett, Michael N.},
	pages={379--398},
	date={2013-05-11},
	year=2013,
	month=5,
	day=11,
}
@article{Dijkzeul2019world,
	journal={Disasters},
	doi={10/gfv692},
	issn={0361-3666, 1467-7717},
	number={S2},
	language={en},
	note={Times cited: 3
},
	title={A world in turmoil: governing risk, establishing order in humanitarian crises},
	volume=43,
	author={Dijkzeul, Dennis and Sandvik, Kristin Bergtora},
	pages={S85--S108},
	date={2019-04},
	year=2019,
	month=4,
}
@article{Hilhorst2010Humanitarian,
	journal={Development and Change},
	doi={10.1111/j.1467-7660.2010.01673.x},
	issn={0012155X},
	number=6,
	language={en},
	note={Times cited: 2
},
	title={Humanitarian Space as Arena: A Perspective on the Everyday Politics of Aid: Humanitarian Space as Arena},
	volume=41,
	author={Hilhorst, Dorothea and Jansen, Bram J.},
	pages={1117--1139},
	date={2010-11},
	year=2010,
	month=11,
}
@article{Goddard2017Dynamics,
	journal={Journal of Global Security Studies},
	doi={10.1093/JOGSS/OGV007},
	issn={2057-3170},
	number=1,
	language={en},
	note={Times cited: 1
00020},
	title={The Dynamics of Global Power Politics: A Framework for Analysis},
	volume=1,
	author={Goddard, Stacie E. and Nexon, Daniel H.},
	pages={4--18},
	date={2017-02-02},
	year=2017,
	month=2,
	day=2,
}
@article{Slim2003Is,
	journal={The Dutch Red Cross Symposium on Ethics in Aid},
	number={October},
	note={Times cited: 1
},
	title={Is Humanitarianism Being Politicised? A Reply to David Rieff},
	author={Slim, Hugo},
	pages={1–8},
	date=2003,
	year=2003,
}
@techreport{Collinson2012Humanitarian,
	note={Times cited: 1
00000},
	publisher={Overseas Development Institute Humanitarian Policy Group},
	title={Humanitarian Space: A review of trends and issues},
	url={https://www.odi.org/sites/odi.org.uk/files/odi-assets/publications-opinion-files/7643.pdf},
	author={Collinson, Sarah and Elhawary, Samir},
	date={2012-04},
	year=2012,
	month=4,
}
@article{Dreier2010How,
	journal={Perspectives on Politics},
	doi={10.1017/s1537592710002069},
	issn={1537-5927, 1541-0986},
	number=3,
	language={en},
	note={Times cited: 1
},
	title={How ACORN Was Framed: Political Controversy and Media Agenda Setting},
	volume=8,
	author={Dreier, Peter and Martin, Christopher R.},
	pages={761--792},
	date={2010-09},
	year=2010,
	month=9,
}
@book{Betz2011Cyberspace,
	series={Adelphi (Series) (International Institute for Strategic Studies)},
	isbn={978-0-415-52530-5},
	note={Times cited: 2
},
	publisher={Routledge for the International Institute for Strategic Studies},
	address={Abingdon},
	title={Cyberspace and the state: toward a strategy for cyber-power},
	author={Betz, David J. and Stevens, Tim},
	date=2011,
	year=2011,
}
@book{Latour2005Reassembling,
	series={Clarendon lectures in management studies},
	isbn={978-0-19-925604-4},
	note={Times cited: 1
OCLC: ocm58054359},
	numpages=301,
	publisher={Oxford University Press},
	address={Oxford ; New York},
	title={Reassembling the social: an introduction to actor-network-theory},
	author={Latour, Bruno},
	date=2005,
	year=2005,
}
@book{Couldry2017mediated,
	isbn={978-0-7456-8130-6},
	note={Times cited: 1
00000},
	numpages=290,
	publisher={Polity Press},
	address={Cambridge, UK ; Malden, MA},
	title={The mediated construction of reality},
	author={Couldry, Nick and Hepp, Andreas},
	date=2017,
	year=2017,
}
@misc{OHCHR,
	note={Times cited: 2
},
	title={OHCHR {\textbar} Questions and answers about IDPs},
	url={https://www.ohchr.org/EN/Issues/IDPersons/Pages/Issues.aspx},
}
@techreport{Schapendonk2007Migration,
	series={Working Papers Migration and Development Series},
	note={Times cited: 1
00000},
	publisher={Radboud University},
	address={Nijmegen},
	title={Migration and Information: Images of Europe, migration encouraging factors and en route information sharing},
	author={Schapendonk, Joris and van Moppes, David},
	date=2007,
	year=2007,
}
@article{Dekker2014How,
	journal={Global Networks},
	doi={10/f6jc62},
	issn=14702266,
	number=4,
	note={Times cited: 4
},
	title={How social media transform migrant networks and facilitate migration},
	volume=14,
	author={Dekker, Rianne and Engbersen, Godfried},
	pages={401–418},
	date={2014-10},
	year=2014,
	month=10,
}
@incollection{Tilly1991Transplanted,
	booktitle={Immigration Reconsidered: History, Sociology, and Politics},
	isbn={978-0-19-968267-6},
	note={Times cited: 2
00000 
DOI: 10.1093/acprof:oso/9780195055108.003.0004
PMID: 16683413},
	publisher={Oxford University Press},
	address={New York},
	title={Transplanted Networks},
	url={http://www.oxfordscholarship.com/view/10.1093/acprof:oso/9780195055108.001.0001/acprof-9780195055108-chapter-4},
	author={Tilly, Charles},
	editor={Yans-McLaughlin, Virginia},
	date=1991,
	year=1991,
}
@article{Poot1996Information,
	journal={The Annals of Regional Science},
	doi={10/dvzgjv},
	number=1,
	note={Times cited: 1
},
	title={Information, communication, and networks in international migration system},
	volume=30,
	author={Poot, Jacques},
	date=1996,
	year=1996,
}
@article{Massey1987social,
	journal={Science},
	doi={10/cjpvm2},
	issn=00368075,
	number=4816,
	note={Times cited: 1
},
	title={The social process of international migration},
	volume=237,
	author={Massey, Douglas S and García España, Felix},
	date=1987,
	year=1987,
}
@article{Wissink2017In,
	journal={Social Networks},
	doi={10/gc8kt9},
	issn={0378-8733},
	note={Times cited: 1
},
	title={In transit: Changing social networks of sub-Saharan African migrants in Turkey and Greece},
	url={http://www.sciencedirect.com/science/article/pii/S0378873316300958},
	author={Wissink, Marieke and Mazzucato, Valentina},
	date={2017-03-31},
	year=2017,
	month=3,
	day=31,
}
@article{Boyd1989Family,
	journal={International Migration Review},
	doi={10/fhwdr3},
	issn=01979183,
	number=3,
	note={Times cited: 1
PMID: 12282798},
	title={Family and Personal Networks in International Migration: Recent Developments and New Agendas},
	volume=23,
	author={Boyd, Monica},
	pages={638--670},
	date=1989,
	year=1989,
}
@article{Thulin2014Virtual,
	journal={Population, Space and Place},
	doi={10/f24m9s},
	issn=15448452,
	number=5,
	note={Times cited: 2
},
	title={Virtual practices and migration plans: A qualitative study of urban young adults},
	volume=20,
	author={Thulin, Eva and Vilhelmson, Bertil},
	pages={389–401},
	date={2014-07},
	year=2014,
	month=7,
}
@article{Hiller2004New,
	journal={New Media & Society},
	doi={10/dszwtf},
	issn={1461-4448, 1461-7315},
	number=6,
	language={en},
	note={Times cited: 3
},
	title={New ties, old ties and lost ties: the use of the internet in diaspora},
	url={http://journals.sagepub.com/doi/10.1177/146144804044327},
	volume=6,
	author={Hiller, Harry H. and Franz, Tara M.},
	date={2004-12},
	year=2004,
	month=12,
}
@article{Hamel2009Information,
	journal={Human Development Research Paper},
	number=39,
	note={Times cited: 1
},
	title={Information and Communication Technologies and Migration},
	url={https://mpra.ub.uni-muenchen.de/19175/1/MPRA_paper_19175.pdf},
	author={Hamel, Jean-Yves},
	date=2009,
	year=2009,
}
@techreport{Ros2007Migration,
	series={Working Paper Series},
	note={Times cited: 1
00000},
	publisher={Internet Interdisiplinary Institute},
	address={Barcelona},
	title={Migration and information flows: a new lens for the study of contemporary international migration},
	url={http://www.uoc.edu/in3/dt/eng/ros_gonzalez_marin_sow.pdf},
	author={Ros, Adela and González, Elisabet and Marín, Antoni and Sow, Papa},
	date=2007,
	year=2007,
}
@article{Harney2013Precarity,
	journal={Journal of Refugee Studies},
	doi={10/w4q},
	issn=09516328,
	number=4,
	note={Times cited: 1
},
	title={Precarity, affect and problem solving with mobile phones by asylum seekers, refugees and migrants in Naples, Italy},
	url={https://academic.oup.com/jrs/article-lookup/doi/10.1093/jrs/fet017},
	volume=26,
	author={Harney, Nicholas},
	date=2013,
	year=2013,
}
@article{Newell2016Information,
	journal={The Information Society},
	doi={10/gdqfhf},
	issn={0197-2243},
	number=3,
	note={Times cited: 2
},
	title={Information seeking, technology use, and vulnerability among migrants at the United States–Mexico border},
	url={http://www.tandfonline.com/doi/full/10.1080/01972243.2016.1153013},
	volume=32,
	author={Newell, Bryce Clayton and Gomez, Ricardo and Guajardo, Verónica E.},
	date=2016,
	year=2016,
}
@article{Bilecen2017Do,
	journal={Social Networks},
	doi={10/gc8fjz},
	issn={0378-8733},
	note={Times cited: 1
},
	title={Do transnational brokers always win? A multilevel analysis of social support},
	url={http://www.sciencedirect.com/science/article/pii/S0378873316300752},
	author={Bilecen, Başak and Cardona, Andrés},
	date={2017-03-27},
	year=2017,
	month=3,
	day=27,
}
@article{Nedelcu2012Migrants,
	journal={Journal of Ethnic and Migration Studies},
	doi={10/gdqfhk},
	issn={1369-183X},
	number=9,
	note={Times cited: 1
},
	title={Migrants' New Transnational Habitus: Rethinking Migration Through a Cosmopolitan Lens in the Digital Age},
	url={http://www.tandfonline.com/doi/abs/10.1080/1369183X.2012.698203 http://www.tandfonline.com/loi/cjms20%5Cnhttp://dx.doi.org/10.1080/1369183X.2012.698203%5Cnhttp://www.tandfonline.com/},
	volume=38,
	author={Nedelcu, Mihaela},
	date={2012-11},
	year=2012,
	month=11,
}
@article{Dafoe2015From,
	journal={Journal of Peace Research},
	doi={10/f7bt37},
	issn={0022-3433, 1460-3578},
	number=3,
	note={Times cited: 1
},
	title={From cell phones to conflict? Reflections on the emerging ICT–political conflict research agenda},
	volume=52,
	author={Dafoe, Allan and Lyall, Jason},
	pages={401–413},
	date={2015-05},
	year=2015,
	month=5,
}
@article{Pierskalla2013Technology,
	journal={AMERICAN POLITICAL SCIENCE REVIEW},
	doi={10/f4xx7w},
	issn={0003-0554},
	number=2,
	note={Times cited: 1
},
	title={Technology and Collective Action: The Effect of Cell Phone Coverage on Political Violence in Africa},
	volume=107,
	author={Pierskalla, Jan H and Hollenbach, Florian M},
	pages={207–224},
	date={2013-05},
	year=2013,
	month=5,
}
@article{Shapiro2015Is,
	journal={INTERNATIONAL ORGANIZATION},
	doi={10/f7bnnr},
	issn={0020-8183},
	number=2,
	note={Times cited: 1
},
	title={Is the Phone Mightier Than the Sword? Cellphones and Insurgent Violence in Iraq},
	volume=69,
	author={Shapiro, Jacob N. and Weidmann, Nils B.},
	pages={247–274},
	date=2015,
	year=2015,
}
@article{Bailard2015Ethnic,
	journal={Journal of Peace Research},
	doi={10/f7bv9x},
	issn={0022-3433},
	number={3, SI},
	note={Times cited: 1
},
	title={Ethnic conflict goes mobile: Mobile technology's effect on the opportunities and motivations for violent collective action},
	volume=52,
	author={Bailard, Catie Snow},
	pages={323–337},
	date={2015-05},
	year=2015,
	month=5,
}
@article{Bergren2017Information,
	journal={SOCIAL SCIENCE QUARTERLY},
	doi={10/gbwhb7},
	issn=00384941,
	number=3,
	note={Times cited: 2
},
	title={Information and Communication Technology and Ethnic Conflict in Myanmar: Organizing for Violence or Peace?},
	volume=98,
	author={Bergren, Anne and Bailard, Catie Snow},
	pages={894–913},
	date={2017-09},
	year=2017,
	month=9,
}
@techreport{UnitedNationsHumanRightsCouncil2018Report,
	note={Times cited: 1
},
	publisher={United Nations Human Rights Council},
	title={Report of the Independent International Fact-Finding Mission on Myanmar},
	url={https://www.ohchr.org/Documents/HRBodies/HRCouncil/FFM-Myanmar/A_HRC_39_64.pdf},
	author={United Nations Human Rights Council},
	date={2018-09-12},
	year=2018,
	month=9,
	day=12,
}
@misc{Frenkel2016This,
	journal={BuzzFeed},
	note={Times cited: 1
00000},
	title={This Is What Happens When Millions Of People Suddenly Get The Internet},
	url={https://www.buzzfeed.com/sheerafrenkel/fake-news-spreads-trump-around-the-world},
	author={Frenkel, Sheera},
	date={2016-11-20},
	year=2016,
	month=11,
	day=20,
}
@article{Roose2017Forget,
	journal={The New York Times},
	issn={0362-4331},
	language={en-US},
	note={Times cited: 1
00000},
	title={Forget Washington. Facebook’s Problems Abroad Are Far More Disturbing.},
	url={https://www.nytimes.com/2017/10/29/business/facebook-misinformation-abroad.html},
	author={Roose, Kevin},
	date={2017-10-29},
	year=2017,
	month=10,
	day=29,
}
@article{Specia2017War,
	journal={The New York Times},
	issn={0362-4331},
	language={en-US},
	note={Times cited: 2
00000},
	title={A War of Words Puts Facebook at the Center of Myanmar’s Rohingya Crisis},
	url={https://www.nytimes.com/2017/10/27/world/asia/myanmar-government-facebook-rohingya.html},
	author={Specia, Megan and Mozur, Paul},
	date={2017-10-27},
	year=2017,
	month=10,
	day=27,
}
@misc{Rajagopalan2017Internet,
	journal={BuzzFeed},
	note={Times cited: 1
00000},
	title={Internet Trolls Are Using Facebook To Target Myanmar's Muslims},
	url={https://www.buzzfeed.com/meghara/how-fake-news-and-online-hate-are-making-life-hell-for},
	author={Rajagopalan, Megha},
	date={2017-03-18},
	year=2017,
	month=3,
	day=18,
}
@article{Beech2017Across,
	journal={The New York Times},
	issn={0362-4331},
	language={en-US},
	note={Times cited: 1
00000},
	title={Across Myanmar, Denial of Ethnic Cleansing and Loathing of Rohingya},
	url={https://www.nytimes.com/2017/10/24/world/asia/myanmar-rohingya-ethnic-cleansing.html},
	author={Beech, Hannah},
	date={2017-10-24},
	year=2017,
	month=10,
	day=24,
}
@article{Mozur2018Genocide,
	journal={The New York Times},
	issn={0362-4331},
	language={en-US},
	note={Times cited: 1
},
	title={A Genocide Incited on Facebook, With Posts From Myanmar’s Military},
	url={https://www.nytimes.com/2018/10/15/technology/myanmar-facebook-genocide.html},
	author={Mozur, Paul},
	date={2018-10-18},
	year=2018,
	month=10,
	day=18,
}
@misc{Bailard2017So,
	journal={Twitter},
	language={en},
	note={Times cited: 1
00000},
	title={So, not clear how it relates to current Rohingya events, but was just thinking today this may be a good follow-up study.},
	url={https://twitter.com/catie_bailard/status/923365522829463553?s=20},
	author={Bailard, Catie Snow},
	date={2017-10-09},
	year=2017,
	month=10,
	day=9,
}
@misc{Cerulus2019How,
	journal={POLITICO},
	note={Times cited: 1
},
	title={How the UN migration pact got trolled},
	url={https://www.politico.eu/article/united-nations-migration-pact-how-got-trolled/},
	author={Cerulus, Laurens and Schaart, Eline},
	date={2019-01-03},
	year=2019,
	month=1,
	day=3,
}
@book{Carpenter2014Lost,
	isbn={978-0-8014-4885-0},
	note={Times cited: 1
DOI: 10.7591/cornell/9780801448850.001.0001},
	publisher={Cornell University Press},
	title={Lost Causes: Agenda Vetting in Global Issue Networks and the Shaping of Human Security},
	url={http://cornell.universitypressscholarship.com/view/10.7591/cornell/9780801448850.001.0001/upso-9780801448850},
	author={Carpenter, R. Charli},
	date={2014-05-16},
	year=2014,
	month=5,
	day=16,
}
@article{Price2003Transnational,
	journal={World Politics},
	doi={10.1353/WP.2003.0024},
	issn={1086-3338},
	number=4,
	language={en},
	note={Times cited: 1
},
	title={Transnational Civil Society and Advocacy in World Politics},
	volume=55,
	author={Price, Richard M.},
	pages={579--606},
	date={2003-12-11},
	year=2003,
	month=12,
	day=11,
}
@article{Carpenter2007Setting,
	journal={International Studies Quarterly},
	doi={10.1111/J.1468-2478.2007.00441.X},
	issn={0020-8833, 1468-2478},
	number=1,
	language={en},
	note={Times cited: 1
},
	title={Setting the Advocacy Agenda: Theorizing Issue Emergence and Nonemergence in Transnational Advocacy Networks},
	volume=51,
	author={Carpenter, R. Charli},
	pages={99--120},
	date={2007-03},
	year=2007,
	month=3,
}
@book{Keck1998Activists,
	isbn={978-0-8014-3444-0},
	note={Times cited: 2
00000},
	numpages=228,
	publisher={Cornell University Press},
	address={Ithaca, N.Y},
	title={Activists beyond borders: advocacy networks in international politics},
	author={Keck, Margaret E. and Sikkink, Kathryn},
	date=1998,
	year=1998,
}
@book{2009Cyberpower,
	note={Times cited: 1
},
	publisher={Potamac Books, Inc},
	address={Dulles, VA},
	title={Cyberpower and National Security},
	editor={Kramer, Franklin D. and Starr, Stuart H. and Wentz, Larry K.},
	date=2009,
	year=2009,
}
@article{Sandvik2016Humanitarian,
	journal={Third World Quarterly},
	doi={10/gdqfhg},
	issn={0143-6597},
	number=1,
	note={Times cited: 2
},
	title={The Humanitarian Cyberspace: Shrinking Space or Expanding Frontier?},
	url={http://dx.doi.org/10.1080/01436597.2015.1043992 http://www.tandfonline.com/doi/full/10.1080/01436597.2015.1043992},
	volume=37,
	author={Sandvik, Kristin Bergtora},
	date={2016-01},
	year=2016,
	month=1,
}
@incollection{NexonDynastic-Imperial,
	booktitle={The Struggle for Power in Early Modern Europe: Religious Conflict, Dynastic Empires, and International Change},
	note={Times cited: 1
DOI: 10.1515/9781400830800},
	title={The Dynastic-Imperial Pathway},
	author={Nexon, Daniel},
}
@book{Barzun2001From,
	isbn={978-0-06-092883-4},
	language={English},
	note={Times cited: 1
00000 
OCLC: 901686103},
	publisher={Perennial},
	address={New York, N.Y},
	title={From dawn to decadence: 500 years of western cultural life, 1500 to the present},
	author={Barzun, Jacques},
	date=2001,
	year=2001,
}
@misc{Zuckerberg2017Mark,
	journal={Facebook},
	note={Times cited: 1
00000},
	title={Mark Zuckerberg -As of this morning, the Facebook community is...},
	url={https://www.facebook.com/zuck/posts/10103831654565331},
	author={Zuckerberg, Mark},
	date={2017-06-27},
	year=2017,
	month=6,
	day=27,
}
@misc{WelchChris2017Facebook,
	journal={The Verge},
	note={Times cited: 1
},
	title={Facebook crosses 2 billion monthly users - The Verge},
	url={https://www.theverge.com/2017/6/27/15880494/facebook-2-billion-monthly-users-announced},
	author={Welch, Chris},
	date={2017-06-27},
	year=2017,
	month=6,
	day=27,
}
@article{Lanchester2017You,
	journal={London Review of Books},
	issn={0260-9592},
	note={Times cited: 1
00000},
	title={You Are the Product},
	author={Lanchester, John},
	pages={3--10},
	date={2017-08-17},
	year=2017,
	month=8,
	day=17,
}
@misc{PeterMaurer2019Rules,
	language={en},
	note={Times cited: 1
},
	address={Center for Strategic & International Studies},
	title={Rules in War – A Thing of the Past?},
	url={https://www.csis.org/analysis/rules-war-thing-past},
	author={Peter Maurer and Charles Stimson and Susan Glasser},
	date={2019-05-10},
	year=2019,
	month=5,
	day=10,
}
@article{Solon2017How,
	journal={The Guardian},
	issn={0261-3077},
	language={en-GB},
	note={Times cited: 1
00000},
	title={How Syria's White Helmets became victims of an online propaganda machine},
	url={http://www.theguardian.com/world/2017/dec/18/syria-white-helmets-conspiracy-theories},
	author={Solon, Olivia},
	date={2017-12-18},
	year=2017,
	month=12,
	day=18,
}
@article{Ellis2017Inside,
	journal={Wired Magazine},
	note={Times cited: 1
},
	title={Inside the Conspiracy Theory That Turned Syriaʼs First Responders Into Terrorists},
	url={https://www.wired.com/2017/04/white-helmets-conspiracy-theory/},
	author={Ellis, Emma Grey},
	date={2017-04},
	year=2017,
	month=4,
}
@techreport{TheSyriaCampaign2017Killing,
	note={Times cited: 1
},
	publisher={The Syria Campaign},
	title={Killing the Truth},
	url={https://diary.thesyriacampaign.org/killing-the-truth/},
	author={The Syria Campaign},
	date={2017-12-20},
	year=2017,
	month=12,
	day=20,
}
@article{Loveluck2018Russian,
	journal={Washington Post},
	issn={0190-8286},
	language={en-US},
	note={Times cited: 1
},
	title={Russian disinformation campaign targets Syria’s beleaguered rescue workers},
	url={https://www.washingtonpost.com/world/russian-disinformation-campaign-targets-syrias-beleaguered-rescue-workers/2018/12/18/113b03c4-02a9-11e9-8186-4ec26a485713_story.html},
	author={Loveluck, Louisa},
	date={2018-12-18},
	year=2018,
	month=12,
	day=18,
}
@article{WilsonAssembling,
	language={en},
	note={Times cited: 1
},
	title={Assembling Strategic Narratives: Information Operations as Collaborative Work within an Online Community},
	volume=2,
	author={Wilson, Tom and Zhou, Kaitlyn and Starbird, Kate},
	pages=25,
}
@inproceedings{KateStarbird2019Disinformation,
	organization={PACMHCI},
	note={Times cited: 3
},
	title={Disinformation as Collaborative Work: Surfacing the Participatory Nature of Strategic Information Operations},
	url={https://faculty.washington.edu/kstarbi/StarbirdArifWilson_DisinformationasCollaborativeWork-CameraReady-Preprint.pdf},
	volume={CSCW},
	author={Kate Starbird and Ahmer Arif and Tom Wilson},
	date=2019,
	year=2019,
}
@article{Parker2013Humanitarian,
	journal={ODI HPN},
	number=59,
	note={Times cited: 1
00000},
	title={Humanitarian besieged},
	author={Parker, Ben},
	pages={3--5},
	date={2013-11},
	year=2013,
	month=11,
}
@misc{Feb2018Report,
	journal={HRC},
	note={Times cited: 1
00000},
	title={Report of the Independent International Commission of Inquiry on the Syrian Arab Republic},
	date={2018-02-01},
	year=2018,
	month=2,
	day=1,
}
@misc{August2018Report,
	journal={HRC},
	note={Times cited: 1
},
	title={Report of the Independent International Commission of Inquiry on the Syrian Arab Republic},
	date={2018-08-09},
	year=2018,
	month=8,
	day=9,
}
@article{Abdelwahid2013You,
	journal={ODI HPN},
	number=59,
	note={Times cited: 1
00000},
	title={"You got the stuff?": humanitarian activist networks in Syria},
	author={Abdelwahid, Dalia},
	pages={15--17},
	date={2013-11},
	year=2013,
	month=11,
}
@article{Goddard2019Repertoires,
	journal={International Relations},
	doi={10/gf7rc9},
	issn={0047-1178, 1741-2862},
	number=2,
	language={en},
	note={Times cited: 2
},
	title={Repertoires of statecraft: instruments and logics of power politics},
	volume=33,
	author={Goddard, Stacie E and MacDonald, Paul K and Nexon, Daniel H},
	pages={1--18},
	date={2019-06},
	year=2019,
	month=6,
}
@inproceedings{Starbird2018Ecosystem,
	journal={12th International AAAI Conference on Web and Social Media (ICWSM-18)},
	organization={12th International AAAI Conference on Web and Social Media (ICWSM-18)},
	note={Times cited: 1
http://faculty.washington.edu/kstarbi/Starbird-et-al-ICWSM-2018-Echosystem-final.pdf},
	publisher={Association for the Advancement of Artificial Intelligence Publications},
	address={Stanford, CA},
	title={Ecosystem or Echo-System? Exploring Content Sharing across Alternative Media Domains},
	url={https://www.aaai.org/ocs/index.php/ICWSM/ICWSM18/paper/view/17836},
	author={Starbird, Kate and Arif, Ahmer and Wilson, Tom and Koevering, Katherine Van and Yefimova, Katya and Scarnecchia, Daniel P.},
	date=2018,
	year=2018,
}
@article{Sunstein2009Conspiracy,
	journal={Journal of Political Philosophy},
	doi={10/bdd3hg},
	issn={1467-9760},
	number=2,
	language={en},
	note={Times cited: 1
},
	title={Conspiracy Theories: Causes and Cures*},
	volume=17,
	author={Sunstein, Cass R. and Vermeule, Adrian},
	pages={202--227},
	date={2009-06-01},
	year=2009,
	month=6,
	day=1,
}
@inproceedings{Starbird2017Examining,
	journal={11th International AAAI Conference on Web and Social Media},
	organization={11th International AAAI Conference on Web and Social Media},
	note={Times cited: 2
},
	address={Montreal},
	title={Examining the Alternative Media Ecosystem through the Production of Alternative Narratives of Mass Shooting Events on Twitter},
	url={http://faculty.washington.edu/kstarbi/Alt_Narratives_ICWSM17-CameraReady.pdf},
	author={Starbird, Kate},
	date=2017,
	year=2017,
}
@techreport{Weedon2017Information,
	note={Times cited: 1
},
	publisher={Facebook},
	title={Information Operations and Facebook},
	url={https://fbnewsroomus.files.wordpress.com/2017/04/facebook-and-information-operations-v1.pdf?utm_source=Daily+Lab+email+list&utm_campaign=c7a8276ae4-dailylabemail3&utm_medium=email&utm_term=0_d68264fd5e-c7a8276ae4-395936553},
	author={Weedon, Jen and Nuland, William and Stamos, Alex},
	date=2017,
	year=2017,
}
@article{Roberts2017Digital,
	journal={Journal of Health Communication},
	doi={10/gdqfhh},
	issn={1081-0730},
	number={sup1},
	note={Times cited: 4
},
	title={Digital Health Communication and Global Public Influence: A Study of the Ebola Epidemic},
	url={https://www.tandfonline.com/doi/full/10.1080/10810730.2016.1209598},
	volume=22,
	author={Roberts, Hal and Seymour, Brittany and Fish, Sands Alden and Robinson, Emily and Zuckerman, Ethan},
	date=2017,
	year=2017,
}
@techreport{2014Inter-Agency,
	note={Times cited: 3
00000},
	publisher={Internews},
	title={Inter-Agency Rapid Assessment Report: Understanding the information and Communication Needs among IDPs in Northern Iraq},
	url={https://www.internews.org/sites/default/files/resources/Iraq_IA_CwC_Report_2014-08_web.pdf},
	date={2014-08},
	year=2014,
	month=8,
}
@article{Maitland2015Social,
	journal={43rd Research Conference on Communications, Information and Internet Policy (TPRC)},
	note={Times cited: 4
},
	title={A Social Informatics Analysis of Refugee Mobile Phone Use: A Case Study of Za'atari Syrian Refugee Camp},
	author={Maitland, Carleen and Xu, Ying},
	pages=10,
	date=2015,
	year=2015,
}
@techreport{UNHCR2015Syrian,
	note={Times cited: 1
},
	publisher={UNHCR},
	title={Syrian Refugee Arrivals In Greece - Preliminary Questionnaire Findings April-September 2015},
	url={https://data2.unhcr.org/en/documents/details/46542},
	author={UNHCR},
	date={2015-12},
	year=2015,
	month=12,
}
@article{Green1990What,
	journal={British Journal of academic librarianship},
	number=2,
	note={Times cited: 1
},
	title={What do we mean by user needs?},
	volume=5,
	author={Green, Andrew},
	date=1990,
	year=1990,
}
@book{Case2016Looking,
	edition=4,
	isbn={978-1-78560-968-8},
	note={Times cited: 1
},
	numpages=507,
	publisher={Emerald Publishing Group},
	address={Bingley, UK},
	title={Looking for Information: A Survey of Research on Information Seeking, Needs, and Behavior},
	author={Case, Donald O. and Given, Lisa M.},
	date=2016,
	year=2016,
}
@article{Winner1980Do,
	journal={Daedalus},
	issn=00115266,
	number=1,
	note={Times cited: 1
},
	title={Do artifacts have politics?},
	volume=109,
	author={Winner, Langdon},
	pages={148--164},
	date=1980,
	year=1980,
}
@book{Floridi20144th,
	edition={First edition},
	isbn={978-0-19-960672-6},
	note={Times cited: 1
OCLC: ocn885309832},
	numpages=248,
	publisher={Oxford University Press},
	address={New York, NY},
	title={The 4th revolution: how the infosphere is reshaping human reality},
	author={Floridi, Luciano},
	date=2014,
	year=2014,
}

